@article{Aad:2011jz,
      author         = "Aad, Georges and others",
      title          = "{Measurement of dijet production with a veto on
                        additional central jet activity in $pp$ collisions at
                        $\sqrt{s}=7$ TeV using the ATLAS detector}",
      collaboration  = "ATLAS",
      journal        = "JHEP",
      volume         = "09",
      year           = "2011",
      pages          = "053",
      doi            = "10.1007/JHEP09(2011)053",
      eprint         = "1107.1641",
      archivePrefix  = "arXiv",
      primaryClass   = "hep-ex",
      reportNumber   = "CERN-PH-EP-2011-100",
      SLACcitation   = "%%CITATION = ARXIV:1107.1641;%%"
}
@article{Aad:2011qv,
      author         = "Aad, Georges and others",
      title          = "{Measurement of the production cross section for Z/gamma*
                        in association with jets in $pp$ collisions at
                        $\sqrt{s}=7$ TeV with the ATLAS detector}",
      collaboration  = "ATLAS",
      journal        = "Phys. Rev.",
      volume         = "D85",
      year           = "2012",
      pages          = "032009",
      doi            = "10.1103/PhysRevD.85.032009",
      eprint         = "1111.2690",
      archivePrefix  = "arXiv",
      primaryClass   = "hep-ex",
      reportNumber   = "CERN-PH-EP-2011-162",
      SLACcitation   = "%%CITATION = ARXIV:1111.2690;%%"
}
@article{Aad:2013ysa,
      author         = "Aad, Georges and others",
      title          = "{Measurement of the production cross section of jets in
                        association with a Z boson in pp collisions at $\sqrt{s}$
                        = 7 TeV with the ATLAS detector}",
      collaboration  = "ATLAS",
      journal        = "JHEP",
      volume         = "1307",
      pages          = "032",
      doi            = "10.1007/JHEP07(2013)032",
      year           = "2013",
      eprint         = "1304.7098",
      archivePrefix  = "arXiv",
      primaryClass   = "hep-ex",
      reportNumber   = "CERN-PH-EP-2013-023",
      SLACcitation   = "%%CITATION = ARXIV:1304.7098;%%",
}
@article{Aad:2014pua,
      author         = "Aad, Georges and others",
      title          = "{Measurements of jet vetoes and azimuthal decorrelations
                        in dijet events produced in $pp$ collisions at
                        $\sqrt{s}=7\,\mathrm{TeV}$ using the ATLAS detector}",
      collaboration  = "ATLAS",
      journal        = "Eur. Phys. J.",
      volume         = "C74",
      year           = "2014",
      number         = "11",
      pages          = "3117",
      doi            = "10.1140/epjc/s10052-014-3117-7",
      eprint         = "1407.5756",
      archivePrefix  = "arXiv",
      primaryClass   = "hep-ex",
      reportNumber   = "CERN-PH-EP-2014-132",
      SLACcitation   = "%%CITATION = ARXIV:1407.5756;%%"
}
@article{Aad:2014qxa,
      author         = "Aad, Georges and others",
      title          = "{Measurements of the W production cross sections in
                        association with jets with the ATLAS detector}",
      collaboration  = "ATLAS",
      journal        = "Eur. Phys. J.",
      volume         = "C75",
      year           = "2015",
      number         = "2",
      pages          = "82",
      doi            = "10.1140/epjc/s10052-015-3262-7",
      eprint         = "1409.8639",
      archivePrefix  = "arXiv",
      primaryClass   = "hep-ex",
      reportNumber   = "CERN-PH-EP-2014-199",
      SLACcitation   = "%%CITATION = ARXIV:1409.8639;%%"
}
@article{Aad:2014rta,
      author         = "Aad, Georges and others",
      title          = "{A measurement of the ratio of the production cross
                        sections for $W$ and $Z$ bosons in association with jets
                        with the ATLAS detector}",
      collaboration  = "ATLAS",
      journal        = "Eur. Phys. J.",
      volume         = "C74",
      year           = "2014",
      number         = "12",
      pages          = "3168",
      doi            = "10.1140/epjc/s10052-014-3168-9",
      eprint         = "1408.6510",
      archivePrefix  = "arXiv",
      primaryClass   = "hep-ex",
      reportNumber   = "CERN-PH-EP-2014-200",
      SLACcitation   = "%%CITATION = ARXIV:1408.6510;%%"
}
@article{Abazov:2013gpa,
      author         = "Abazov, Victor Mukhamedovich and others",
      title          = "{Studies of W boson plus jets production in $p\bar{p}$
                        collisions at $\sqrt{s}=1.96$ TeV}",
      collaboration  = "D0",
      journal        = "Phys. Rev.",
      volume         = "D88",
      year           = "2013",
      number         = "9",
      pages          = "092001",
      doi            = "10.1103/PhysRevD.88.092001",
      eprint         = "1302.6508",
      archivePrefix  = "arXiv",
      primaryClass   = "hep-ex",
      reportNumber   = "FERMILAB-PUB-13-051-E",
      SLACcitation   = "%%CITATION = ARXIV:1302.6508;%%"
}
@article{Alioli:2010qp,
      author         = "Alioli, Simone and Nason, Paolo and Oleari, Carlo and Re,
                        Emanuele",
      title          = "{Vector boson plus one jet production in POWHEG}",
      journal        = "JHEP",
      volume         = "01",
      year           = "2011",
      pages          = "095",
      doi            = "10.1007/JHEP01(2011)095",
      eprint         = "1009.5594",
      archivePrefix  = "arXiv",
      primaryClass   = "hep-ph",
      reportNumber   = "DESY-10-158, SFB-CPP-10-85, IPPP-10-78, DCPT-10-156",
      SLACcitation   = "%%CITATION = ARXIV:1009.5594;%%"
}
@article{Chatrchyan:2011ne,
      author         = "Chatrchyan, Serguei and others",
      title          = "{Jet Production Rates in Association with $W$ and $Z$
                        Bosons in $pp$ Collisions at $\sqrt{s}=7$ TeV}",
      collaboration  = "CMS",
      journal        = "JHEP",
      volume         = "01",
      year           = "2012",
      pages          = "010",
      doi            = "10.1007/JHEP01(2012)010",
      eprint         = "1110.3226",
      archivePrefix  = "arXiv",
      primaryClass   = "hep-ex",
      reportNumber   = "CERN-PH-EP-2011-125, CMS-EWK-10-012",
      SLACcitation   = "%%CITATION = ARXIV:1110.3226;%%"
}
@article{Chatrchyan:2012gwa,
      author         = "Chatrchyan, Serguei and others",
      title          = "{Measurement of the inclusive production cross sections
                        for forward jets and for dijet events with one forward and
                        one central jet in $pp$ collisions at $\sqrt{s}=7$ TeV}",
      collaboration  = "CMS",
      journal        = "JHEP",
      volume         = "06",
      year           = "2012",
      pages          = "036",
      doi            = "10.1007/JHEP06(2012)036",
      eprint         = "1202.0704",
      archivePrefix  = "arXiv",
      primaryClass   = "hep-ex",
      reportNumber   = "CMS-FWD-11-002, CERN-PH-EP-2011-179",
      SLACcitation   = "%%CITATION = ARXIV:1202.0704;%%"
}
@article{Chatrchyan:2012pb,
      author         = "Chatrchyan, Serguei and others",
      title          = "{Ratios of dijet production cross sections as a function
                        of the absolute difference in rapidity between jets in
                        proton-proton collisions at $\sqrt{s}=7$ TeV}",
      collaboration  = "CMS",
      journal        = "Eur. Phys. J.",
      volume         = "C72",
      year           = "2012",
      pages          = "2216",
      doi            = "10.1140/epjc/s10052-012-2216-6",
      eprint         = "1204.0696",
      archivePrefix  = "arXiv",
      primaryClass   = "hep-ex",
      reportNumber   = "CMS-FWD-10-014, CERN-PH-EP-2012-088",
      SLACcitation   = "%%CITATION = ARXIV:1204.0696;%%"
}
@article{Chatrchyan:2013tna,
      author         = "Chatrchyan, Serguei and others",
      title          = "{Event shapes and azimuthal correlations in $Z$ + jets
                        events in $pp$ collisions at $\sqrt{s}=7$ TeV}",
      collaboration  = "CMS",
      journal        = "Phys. Lett.",
      volume         = "B722",
      year           = "2013",
      pages          = "238-261",
      doi            = "10.1016/j.physletb.2013.04.025",
      eprint         = "1301.1646",
      archivePrefix  = "arXiv",
      primaryClass   = "hep-ex",
      reportNumber   = "CMS-EWK-11-021, CERN-PH-EP-2013-001",
      SLACcitation   = "%%CITATION = ARXIV:1301.1646;%%"
}
@article{LHCbZ,
      author         = "Aaij, Roel and others",
      title          = "{Study of forward Z + jet production in pp collisions at
                        $\sqrt{s} = 7$ TeV}",
      collaboration  = "LHCb",
      journal        = "JHEP",
      volume         = "1401",
      pages          = "033",
      doi            = "10.1007/JHEP01(2014)033",
      year           = "2014",
      eprint         = "1310.8197",
      archivePrefix  = "arXiv",
      primaryClass   = "hep-ex",
      reportNumber   = "LHCB-PAPER-2013-058, CERN-PH-EP-2013-198",
      SLACcitation   = "%%CITATION = ARXIV:1310.8197;%%",
}
@article{Khachatryan:2014dea,
      author         = "Khachatryan, Vardan and others",
      title          = "{Measurement of electroweak production of two jets in
                        association with a Z boson in proton-proton collisions at
                        $\sqrt{s}=8\,\text {TeV}$}",
      collaboration  = "CMS",
      journal        = "Eur. Phys. J.",
      volume         = "C75",
      year           = "2015",
      number         = "2",
      pages          = "66",
      doi            = "10.1140/epjc/s10052-014-3232-5",
      eprint         = "1410.3153",
      archivePrefix  = "arXiv",
      primaryClass   = "hep-ex",
      reportNumber   = "CMS-FSQ-12-035, CERN-PH-EP-2014-234",
      SLACcitation   = "%%CITATION = ARXIV:1410.3153;%%"
}
@article{Khachatryan:2014zya,
      author         = "Khachatryan, Vardan and others",
      title          = "{Measurements of jet multiplicity and differential
                        production cross sections of $Z +$ jets events in
                        proton-proton collisions at $\sqrt{s} =$ 7 TeV}",
      collaboration  = "CMS",
      journal        = "Phys. Rev.",
      volume         = "D91",
      year           = "2015",
      number         = "5",
      pages          = "052008",
      doi            = "10.1103/PhysRevD.91.052008",
      eprint         = "1408.3104",
      archivePrefix  = "arXiv",
      primaryClass   = "hep-ex",
      reportNumber   = "CMS-SMP-12-017, CERN-PH-EP-2014-205",
      SLACcitation   = "%%CITATION = ARXIV:1408.3104;%%"
}
@Article{Kuraev:1976ge,
     author    = "Kuraev, E. A. and Lipatov, L. N. and Fadin, Victor S.",
     title     = "MULTI - {R}EGGEON PROCESSES IN THE {Y}ANG-{M}ILLS THEORY",
     journal   = "Sov. Phys. JETP",
     volume    = "44",
     year      = "1976",
     pages     = "443-450",
     SLACcitation  = "%%CITATION = SPHJA,44,443;%%"
}
@article{Malik:2013kba,
      author         = "Malik, Sarah Alam and Watt, Graeme",
      title          = "{Ratios of W and Z cross sections at large boson $p\_T$
                        as a constraint on PDFs and background to new physics}",
      journal        = "JHEP",
      volume         = "02",
      year           = "2014",
      pages          = "025",
      doi            = "10.1007/JHEP02(2014)025",
      eprint         = "1304.2424",
      archivePrefix  = "arXiv",
      primaryClass   = "hep-ph",
      reportNumber   = "ZU-TH-07-13, FERMILAB-PUB-13-106-PPD",
      SLACcitation   = "%%CITATION = ARXIV:1304.2424;%%"
}
@article{MG5,
      author         = "Alwall, Johan and Herquet, Michel and Maltoni, Fabio and
                        Mattelaer, Olivier and Stelzer, Tim",
      title          = "{MadGraph 5 : Going Beyond}",
      journal        = "JHEP",
      volume         = "1106",
      pages          = "128",
      doi            = "10.1007/JHEP06(2011)128",
      year           = "2011",
      eprint         = "1106.0522",
      archivePrefix  = "arXiv",
      primaryClass   = "hep-ph",
      reportNumber   = "FERMILAB-PUB-11-448-T",
      SLACcitation   = "%%CITATION = ARXIV:1106.0522;%%",
}
@article{Andersen:2009nu,
      author         = "Andersen, Jeppe R. and Smillie, Jennifer M.",
      title          = "{Constructing All-Order Corrections to Multi-Jet Rates}",
      journal        = "JHEP",
      volume         = "1001",
      pages          = "039",
      doi            = "10.1007/JHEP01(2010)039",
      year           = "2010",
      eprint         = "0908.2786",
      archivePrefix  = "arXiv",
      primaryClass   = "hep-ph",
      reportNumber   = "CERN-PH-TH-2009-153, DCPT-09-122, IPPP-09-61",
      SLACcitation   = "%%CITATION = ARXIV:0908.2786;%%",
}
@article{Andersen:2009he,
      author         = "Andersen, Jeppe R. and Smillie, Jennifer M.",
      title          = "{The Factorisation of the t-channel Pole in Quark-Gluon
                        Scattering}",
      journal        = "Phys.Rev.",
      volume         = "D81",
      pages          = "114021",
      doi            = "10.1103/PhysRevD.81.114021",
      year           = "2010",
      eprint         = "0910.5113",
      archivePrefix  = "arXiv",
      primaryClass   = "hep-ph",
      reportNumber   = "CERN-PH-TH-2009-202",
      SLACcitation   = "%%CITATION = ARXIV:0910.5113;%%",
}
@article{Andersen:2012gk,
      author         = "Andersen, Jeppe R. and Hapola, Tuomas and Smillie,
                        Jennifer M.",
      title          = "{W Plus Multiple Jets at the LHC with High Energy Jets}",
      journal        = "JHEP",
      volume         = "1209",
      pages          = "047",
      doi            = "10.1007/JHEP09(2012)047",
      year           = "2012",
      eprint         = "1206.6763",
      archivePrefix  = "arXiv",
      primaryClass   = "hep-ph",
      reportNumber   = "EDINBURGH-2012-13, IPPP-12-45, DCPT-12-90,
                        CP3-ORIGINS-2012-017, DIAS-2012-18",
      SLACcitation   = "%%CITATION = ARXIV:1206.6763;%%",
}
@article{Andersen:2011hs,
      author         = "Andersen, Jeppe R. and Smillie, Jennifer M.",
      title          = "{Multiple Jets at the LHC with High Energy Jets}",
      journal        = "JHEP",
      volume         = "1106",
      pages          = "010",
      doi            = "10.1007/JHEP06(2011)010",
      year           = "2011",
      eprint         = "1101.5394",
      archivePrefix  = "arXiv",
      primaryClass   = "hep-ph",
      reportNumber   = "CP3-ORIGINS-2011-02, EDINBURGH-2011-03",
      SLACcitation   = "%%CITATION = ARXIV:1101.5394;%%",
}
@article{Balitsky:1978ic,
      author         = "Balitsky, I.I. and Lipatov, L.N.",
      title          = "{The Pomeranchuk Singularity in Quantum Chromodynamics}",
      journal        = "Sov.J.Nucl.Phys.",
      volume         = "28",
      pages          = "822-829",
      year           = "1978",
      SLACcitation   = "%%CITATION = SJNCA,28,822;%%",
}
@article{Aad:2012tfa,
      author         = "Aad, Georges and others",
      title          = "{Observation of a new particle in the search for the
                        Standard Model Higgs boson with the ATLAS detector at the
                        LHC}",
      collaboration  = "ATLAS",
      journal        = "Phys.Lett.",
      volume         = "B716",
      pages          = "1-29",
      doi            = "10.1016/j.physletb.2012.08.020",
      year           = "2012",
      eprint         = "1207.7214",
      archivePrefix  = "arXiv",
      primaryClass   = "hep-ex",
      reportNumber   = "CERN-PH-EP-2012-218",
      SLACcitation   = "%%CITATION = ARXIV:1207.7214;%%",
}

@article{Berger:2009ep,
      author         = "Berger, C. F. and Bern, Z. and Dixon, Lance J. and Febres
                        Cordero, Fernando and Forde, D. and Gleisberg, T. and Ita,
                        H. and Kosower, D. A. and Maitre, D.",
      title          = "{Next-to-Leading Order QCD Predictions for W+3-Jet
                        Distributions at Hadron Colliders}",
      journal        = "Phys. Rev.",
      volume         = "D80",
      year           = "2009",
      pages          = "074036",
      doi            = "10.1103/PhysRevD.80.074036",
      eprint         = "0907.1984",
      archivePrefix  = "arXiv",
      primaryClass   = "hep-ph",
      reportNumber   = "SLAC-PUB-13680, UCLA-09-TEP-53, MIT-CTP-4047,
                        SACLAY-IPHT-T09-078, IPPP-09-46",
      SLACcitation   = "%%CITATION = ARXIV:0907.1984;%%"
}
@article{Berger:2010vm,
      author         = "Berger, C. F. and Bern, Z. and Dixon, Lance J. and Febres
                        Cordero, F. and Forde, D. and Gleisberg, T. and Ita, H.
                        and Kosower, D. A. and Maitre, D.",
      title          = "{Next-to-Leading Order {QCD} Predictions for $Z,
                        \gamma^*$ + 3-Jet Distributions at the Tevatron}",
      journal        = "Phys. Rev.",
      volume         = "D82",
      year           = "2010",
      pages          = "074002",
      doi            = "10.1103/PhysRevD.82.074002",
      eprint         = "1004.1659",
      archivePrefix  = "arXiv",
      primaryClass   = "hep-ph",
      reportNumber   = "SLAC-PUB-13954, UCLA-10-TEP-101, MIT-CTP-4117,
                        SB-F-379-10, IPPP-10-13, SACLAY-IPHT-T10-040,
                        NIKHEF-2010-004, CERN-PH-TH-2010-029",
      SLACcitation   = "%%CITATION = ARXIV:1004.1659;%%"
}
@article{Berger:2010zx,
      author         = "Berger, C. F. and Bern, Z. and Dixon, Lance J. and Febres
                        Cordero, F. and Forde, D. and Gleisberg, T. and Ita, H.
                        and Kosower, D. A. and Maitre, D.",
      title          = "{Precise Predictions for W + 4 Jet Production at the
                        Large Hadron Collider}",
      journal        = "Phys. Rev. Lett.",
      volume         = "106",
      year           = "2011",
      pages          = "092001",
      doi            = "10.1103/PhysRevLett.106.092001",
      eprint         = "1009.2338",
      archivePrefix  = "arXiv",
      primaryClass   = "hep-ph",
      reportNumber   = "SLAC-PUB-14222, SB-F-385-10, UCLA-10-TEP-106,
                        MIT-CTP-4169, IPPP-10-68, SACLAY-IPHT-T10-111,
                        NIKHEF-2010-022, CERN-TH-2010-184",
      SLACcitation   = "%%CITATION = ARXIV:1009.2338;%%"
}
@article{Haisch:2013fla,
      author         = "Haisch, Ulrich and Hibbs, Anthony and Re, Emanuele",
      title          = "{Determining the structure of dark-matter couplings at
                        the LHC}",
      journal        = "Phys.Rev.",
      number         = "3",
      volume         = "D89",
      pages          = "034009",
      doi            = "10.1103/PhysRevD.89.034009",
      year           = "2014",
      eprint         = "1311.7131",
      archivePrefix  = "arXiv",
      primaryClass   = "hep-ph",
      reportNumber   = "OUTP-13-23P",
      SLACcitation   = "%%CITATION = ARXIV:1311.7131;%%",
}

@article{Andersen:2008gc,
      author         = "Andersen, Jeppe R. and Del Duca, Vittorio and White,
                        Chris D.",
      title          = "{Higgs Boson Production in Association with Multiple Hard
                        Jets}",
      journal        = "JHEP",
      volume         = "0902",
      pages          = "015",
      doi            = "10.1088/1126-6708/2009/02/015",
      year           = "2009",
      eprint         = "0808.3696",
      archivePrefix  = "arXiv",
      primaryClass   = "hep-ph",
      reportNumber   = "CERN-PH-TH-2008-178, NIKHEF-2008-010",
      SLACcitation   = "%%CITATION = ARXIV:0808.3696;%%",
}
@article{Andersen:2008ue,
      author         = "Andersen, Jeppe R. and White, Chris D.",
      title          = "{A New Framework for Multijet Predictions and its
                        application to Higgs Boson production at the LHC}",
      journal        = "Phys. Rev.",
      volume         = "D78",
      year           = "2008",
      pages          = "051501",
      doi            = "10.1103/PhysRevD.78.051501",
      eprint         = "0802.2858",
      archivePrefix  = "arXiv",
      primaryClass   = "hep-ph",
      reportNumber   = "CERN-PH-TH-2008-036, NIKHEF-2008-002",
      SLACcitation   = "%%CITATION = ARXIV:0802.2858;%%"
}
@article{HEJ_factorising,
      author         = "Andersen, Jeppe R. and Smillie, Jennifer M.",
      title          = "{The Factorisation of the t-channel Pole in Quark-Gluon
                        Scattering}",
      journal        = "Phys.Rev.",
      volume         = "D81",
      pages          = "114021",
      doi            = "10.1103/PhysRevD.81.114021",
      year           = "2010",
      eprint         = "0910.5113",
      archivePrefix  = "arXiv",
      primaryClass   = "hep-ph",
      reportNumber   = "CERN-PH-TH-2009-202",
      SLACcitation   = "%%CITATION = ARXIV:0910.5113;%%",
}

@article{Alwall:2014hca,
      author         = "Alwall, J. and Frederix, R. and Frixione, S. and Hirschi,
                        V. and Maltoni, F. and Mattelaer, O. and Shao, H. -S. and
                        Stelzer, T. and Torrielli, P. and Zaro, M.",
      title          = "{The automated computation of tree-level and
                        next-to-leading order differential cross sections, and
                        their matching to parton shower simulations}",
      journal        = "JHEP",
      volume         = "07",
      year           = "2014",
      pages          = "079",
      doi            = "10.1007/JHEP07(2014)079",
      eprint         = "1405.0301",
      archivePrefix  = "arXiv",
      primaryClass   = "hep-ph",
      reportNumber   = "CERN-PH-TH-2014-064, CP3-14-18, LPN14-066, MCNET-14-09,
                        ZU-TH-14-14",
      SLACcitation   = "%%CITATION = ARXIV:1405.0301;%%"
}
@article{Cacciari:2008gp,
      author         = "Cacciari, Matteo and Salam, Gavin P. and Soyez, Gregory",
      title          = "{The Anti-k(t) jet clustering algorithm}",
      journal        = "JHEP",
      volume         = "0804",
      pages          = "063",
      doi            = "10.1088/1126-6708/2008/04/063",
      year           = "2008",
      eprint         = "0802.1189",
      archivePrefix  = "arXiv",
      primaryClass   = "hep-ph",
      reportNumber   = "LPTHE-07-03",
      SLACcitation   = "%%CITATION = ARXIV:0802.1189;%%",
}
@article{Cacciari:2011ma,
      author         = "Cacciari, Matteo and Salam, Gavin P. and Soyez, Gregory",
      title          = "{FastJet User Manual}",
      journal        = "Eur. Phys. J.",
      volume         = "C72",
      year           = "2012",
      pages          = "1896",
      doi            = "10.1140/epjc/s10052-012-1896-2",
      eprint         = "1111.6097",
      archivePrefix  = "arXiv",
      primaryClass   = "hep-ph",
      reportNumber   = "CERN-PH-TH-2011-297",
      SLACcitation   = "%%CITATION = ARXIV:1111.6097;%%"
}
@article{DelDuca:1995zy,
      author         = "Del Duca, Vittorio",
      title          = "{Equivalence of the Parke-Taylor and the
                        Fadin-Kuraev-Lipatov amplitudes in the high-energy limit}",
      journal        = "Phys. Rev.",
      volume         = "D52",
      year           = "1995",
      pages          = "1527-1534",
      doi            = "10.1103/PhysRevD.52.1527",
      eprint         = "hep-ph/9503340",
      archivePrefix  = "arXiv",
      primaryClass   = "hep-ph",
      reportNumber   = "DESY-95-040",
      SLACcitation   = "%%CITATION = HEP-PH/9503340;%%"
}
@article{Frederix:2012ps,
      author         = "Frederix, Rikkert and Frixione, Stefano",
      title          = "{Merging meets matching in MC@NLO}",
      journal        = "JHEP",
      volume         = "12",
      year           = "2012",
      pages          = "061",
      doi            = "10.1007/JHEP12(2012)061",
      eprint         = "1209.6215",
      archivePrefix  = "arXiv",
      primaryClass   = "hep-ph",
      reportNumber   = "CERN-PH-TH-2012-247, ZU-TH-21-12",
      SLACcitation   = "%%CITATION = ARXIV:1209.6215;%%"
}
@article{Frederix:2015eii,
      author         = "Frederix, Rikkert and Frixione, Stefano and
                        Papaefstathiou, Andreas and Prestel, Stefan and Torrielli,
                        Paolo",
      title          = "{A study of multi-jet production in association with an
                        electroweak vector boson}",
      year           = "2015",
      eprint         = "1511.00847",
      archivePrefix  = "arXiv",
      primaryClass   = "hep-ph",
      reportNumber   = "CERN-PH-TH-2015-255, SLAC-PUB-16421, TUM-HEP-1025-15,
                        MCNET-15-22",
      SLACcitation   = "%%CITATION = ARXIV:1511.00847;%%"
}
@article{Gleisberg:2008ta,
      author         = "Gleisberg, T. and Hoeche, S. and Krauss, F. and
                        Schonherr, M. and Schumann, S. and Siegert, F. and Winter,
                        J.",
      title          = "{Event generation with SHERPA 1.1}",
      journal        = "JHEP",
      volume         = "02",
      year           = "2009",
      pages          = "007",
      doi            = "10.1088/1126-6708/2009/02/007",
      eprint         = "0811.4622",
      archivePrefix  = "arXiv",
      primaryClass   = "hep-ph",
      reportNumber   = "FERMILAB-PUB-08-477-T, SLAC-PUB-13420, ZU-TH-17-08,
                        DCPT-08-138, IPPP-08-69, EDINBURGH-2008-30, MCNET-08-14",
      SLACcitation   = "%%CITATION = ARXIV:0811.4622;%%"
}
@article{Hoeche:2012yf,
      author         = "Hoeche, Stefan and Krauss, Frank and Schonherr, Marek and
                        Siegert, Frank",
      title          = "{QCD matrix elements + parton showers: The NLO case}",
      journal        = "JHEP",
      volume         = "04",
      year           = "2013",
      pages          = "027",
      doi            = "10.1007/JHEP04(2013)027",
      eprint         = "1207.5030",
      archivePrefix  = "arXiv",
      primaryClass   = "hep-ph",
      reportNumber   = "SLAC-PUB-15191, IPPP-12-52, DCPT-12-104, LPN12-081,
                        FR-PHENO-2012-017, MCNET-12-09, --FR-PHENO-2012-017",
      SLACcitation   = "%%CITATION = ARXIV:1207.5030;%%"
}
@article{Ita:2011wn,
      author         = "Ita, H. and Bern, Z. and Dixon, L. J. and Febres Cordero,
                        Fernando and Kosower, D. A. and Maitre, D.",
      title          = "{Precise Predictions for Z + 4 Jets at Hadron Colliders}",
      journal        = "Phys. Rev.",
      volume         = "D85",
      year           = "2012",
      pages          = "031501",
      doi            = "10.1103/PhysRevD.85.031501",
      eprint         = "1108.2229",
      archivePrefix  = "arXiv",
      primaryClass   = "hep-ph",
      reportNumber   = "SLAC-PUB-14527, SB-F-390-11, UCLA-11-TEP-109,
                        NSF-KITP-11-167, IPPP-11-45, CERN-PH-TH-2011-188,
                        SLAC--PUB--14527, --IPPP-11-45, CERN--PH--TH-2011-188",
      SLACcitation   = "%%CITATION = ARXIV:1108.2229;%%"
}
@article{Alioli:2010xd,
      author         = "Alioli, Simone and Nason, Paolo and Oleari, Carlo and Re,
                        Emanuele",
      title          = "{A general framework for implementing NLO calculations in
                        shower Monte Carlo programs: the POWHEG BOX}",
      journal        = "JHEP",
      volume         = "06",
      year           = "2010",
      pages          = "043",
      doi            = "10.1007/JHEP06(2010)043",
      eprint         = "1002.2581",
      archivePrefix  = "arXiv",
      primaryClass   = "hep-ph",
      reportNumber   = "DESY-10-018, SFB-CPP-10-22, IPPP-10-11, DCPT-10-22",
      SLACcitation   = "%%CITATION = ARXIV:1002.2581;%%"
}
@article{Campbell:2013vha,
      author         = "Campbell, John M. and Ellis, R. Keith and Nason, Paolo
                        and Zanderighi, Giulia",
      title          = "{W and Z bosons in association with two jets using the
                        POWHEG method}",
      journal        = "JHEP",
      volume         = "08",
      year           = "2013",
      pages          = "005",
      doi            = "10.1007/JHEP08(2013)005",
      eprint         = "1303.5447",
      archivePrefix  = "arXiv",
      primaryClass   = "hep-ph",
      reportNumber   = "FERMILAB-PUB-13-075-T",
      SLACcitation   = "%%CITATION = ARXIV:1303.5447;%%"
}
@article{Frixione:2002ik,
      author         = "Frixione, Stefano and Webber, Bryan R.",
      title          = "{Matching NLO QCD computations and parton shower
                        simulations}",
      journal        = "JHEP",
      volume         = "06",
      year           = "2002",
      pages          = "029",
      doi            = "10.1088/1126-6708/2002/06/029",
      eprint         = "hep-ph/0204244",
      archivePrefix  = "arXiv",
      primaryClass   = "hep-ph",
      reportNumber   = "CAVENDISH-HEP-02-01, LAPTH-905-02, GEF-TH-2-2002",
      SLACcitation   = "%%CITATION = HEP-PH/0204244;%%"
}
@article{Frixione:2007vw,
      author         = "Frixione, Stefano and Nason, Paolo and Oleari, Carlo",
      title          = "{Matching NLO QCD computations with Parton Shower
                        simulations: the POWHEG method}",
      journal        = "JHEP",
      volume         = "11",
      year           = "2007",
      pages          = "070",
      doi            = "10.1088/1126-6708/2007/11/070",
      eprint         = "0709.2092",
      archivePrefix  = "arXiv",
      primaryClass   = "hep-ph",
      reportNumber   = "BICOCCA-FT-07-9, GEF-TH-21-2007",
      SLACcitation   = "%%CITATION = ARXIV:0709.2092;%%"
}
@article{Frixione:2010wd,
      author         = "Frixione, Stefano and Stoeckli, Fabian and Torrielli,
                        Paolo and Webber, Bryan R. and White, Chris D.",
      title          = "{The MCaNLO 4.0 Event Generator}",
      year           = "2010",
      eprint         = "1010.0819",
      archivePrefix  = "arXiv",
      primaryClass   = "hep-ph",
      reportNumber   = "CAVENDISH-HEP-10-12, CERN-TH-2010-216, IPPP-10-62,
                        DCPT-10-124",
      SLACcitation   = "%%CITATION = ARXIV:1010.0819;%%"
}
@article{Mangano:2002ea,
      author         = "Mangano, Michelangelo L. and Moretti, Mauro and
                        Piccinini, Fulvio and Pittau, Roberto and Polosa, Antonio
                        D.",
      title          = "{ALPGEN, a generator for hard multiparton processes in
                        hadronic collisions}",
      journal        = "JHEP",
      volume         = "07",
      year           = "2003",
      pages          = "001",
      doi            = "10.1088/1126-6708/2003/07/001",
      eprint         = "hep-ph/0206293",
      archivePrefix  = "arXiv",
      primaryClass   = "hep-ph",
      reportNumber   = "CERN-TH-2002-129, FTN-T-2002-06",
      SLACcitation   = "%%CITATION = HEP-PH/0206293;%%"
}
@article{Nason:2004rx,
      author         = "Nason, Paolo",
      title          = "{A New method for combining NLO QCD with shower Monte
                        Carlo algorithms}",
      journal        = "JHEP",
      volume         = "11",
      year           = "2004",
      pages          = "040",
      doi            = "10.1088/1126-6708/2004/11/040",
      eprint         = "hep-ph/0409146",
      archivePrefix  = "arXiv",
      primaryClass   = "hep-ph",
      reportNumber   = "BICOCCA-FT-04-11",
      SLACcitation   = "%%CITATION = HEP-PH/0409146;%%"
}
@article{Re:2012zi,
      author         = "Re, Emanuele",
      title          = "{NLO corrections merged with parton showers for Z+2 jets
                        production using the POWHEG method}",
      journal        = "JHEP",
      volume         = "10",
      year           = "2012",
      pages          = "031",
      doi            = "10.1007/JHEP10(2012)031",
      eprint         = "1204.5433",
      archivePrefix  = "arXiv",
      primaryClass   = "hep-ph",
      reportNumber   = "IPPP-12-13, DCPT-12-26, MCNET-12-03",
      SLACcitation   = "%%CITATION = ARXIV:1204.5433;%%"
}

@article{Aad:2011jz,
      author         = "Aad, Georges and others",
      title          = "{Measurement of dijet production with a veto on
                        additional central jet activity in $pp$ collisions at
                        $\sqrt{s}=7$ TeV using the ATLAS detector}",
      collaboration  = "ATLAS",
      journal        = "JHEP",
      volume         = "09",
      year           = "2011",
      pages          = "053",
      doi            = "10.1007/JHEP09(2011)053",
      eprint         = "1107.1641",
      archivePrefix  = "arXiv",
      primaryClass   = "hep-ex",
      reportNumber   = "CERN-PH-EP-2011-100",
      SLACcitation   = "%%CITATION = ARXIV:1107.1641;%%"
}
@article{Aad:2011qv,
      author         = "Aad, Georges and others",
      title          = "{Measurement of the production cross section for Z/gamma*
                        in association with jets in $pp$ collisions at
                        $\sqrt{s}=7$ TeV with the ATLAS detector}",
      collaboration  = "ATLAS",
      journal        = "Phys. Rev.",
      volume         = "D85",
      year           = "2012",
      pages          = "032009",
      doi            = "10.1103/PhysRevD.85.032009",
      eprint         = "1111.2690",
      archivePrefix  = "arXiv",
      primaryClass   = "hep-ex",
      reportNumber   = "CERN-PH-EP-2011-162",
      SLACcitation   = "%%CITATION = ARXIV:1111.2690;%%"
}
@article{Aad:2013ysa,
      author         = "Aad, Georges and others",
      title          = "{Measurement of the production cross section of jets in
                        association with a Z boson in pp collisions at $\sqrt{s}$
                        = 7 TeV with the ATLAS detector}",
      collaboration  = "ATLAS",
      journal        = "JHEP",
      volume         = "1307",
      pages          = "032",
      doi            = "10.1007/JHEP07(2013)032",
      year           = "2013",
      eprint         = "1304.7098",
      archivePrefix  = "arXiv",
      primaryClass   = "hep-ex",
      reportNumber   = "CERN-PH-EP-2013-023",
      SLACcitation   = "%%CITATION = ARXIV:1304.7098;%%",
}
@article{Aad:2014pua,
      author         = "Aad, Georges and others",
      title          = "{Measurements of jet vetoes and azimuthal decorrelations
                        in dijet events produced in $pp$ collisions at
                        $\sqrt{s}=7\,\mathrm{TeV}$ using the ATLAS detector}",
      collaboration  = "ATLAS",
      journal        = "Eur. Phys. J.",
      volume         = "C74",
      year           = "2014",
      number         = "11",
      pages          = "3117",
      doi            = "10.1140/epjc/s10052-014-3117-7",
      eprint         = "1407.5756",
      archivePrefix  = "arXiv",
      primaryClass   = "hep-ex",
      reportNumber   = "CERN-PH-EP-2014-132",
      SLACcitation   = "%%CITATION = ARXIV:1407.5756;%%"
}
@article{Aad:2014qxa,
      author         = "Aad, Georges and others",
      title          = "{Measurements of the W production cross sections in
                        association with jets with the ATLAS detector}",
      collaboration  = "ATLAS",
      journal        = "Eur. Phys. J.",
      volume         = "C75",
      year           = "2015",
      number         = "2",
      pages          = "82",
      doi            = "10.1140/epjc/s10052-015-3262-7",
      eprint         = "1409.8639",
      archivePrefix  = "arXiv",
      primaryClass   = "hep-ex",
      reportNumber   = "CERN-PH-EP-2014-199",
      SLACcitation   = "%%CITATION = ARXIV:1409.8639;%%"
}
@article{Aad:2014rta,
      author         = "Aad, Georges and others",
      title          = "{A measurement of the ratio of the production cross
                        sections for $W$ and $Z$ bosons in association with jets
                        with the ATLAS detector}",
      collaboration  = "ATLAS",
      journal        = "Eur. Phys. J.",
      volume         = "C74",
      year           = "2014",
      number         = "12",
      pages          = "3168",
      doi            = "10.1140/epjc/s10052-014-3168-9",
      eprint         = "1408.6510",
      archivePrefix  = "arXiv",
      primaryClass   = "hep-ex",
      reportNumber   = "CERN-PH-EP-2014-200",
      SLACcitation   = "%%CITATION = ARXIV:1408.6510;%%"
}
@article{Abazov:2013gpa,
      author         = "Abazov, Victor Mukhamedovich and others",
      title          = "{Studies of W boson plus jets production in $p\bar{p}$
                        collisions at $\sqrt{s}=1.96$ TeV}",
      collaboration  = "D0",
      journal        = "Phys. Rev.",
      volume         = "D88",
      year           = "2013",
      number         = "9",
      pages          = "092001",
      doi            = "10.1103/PhysRevD.88.092001",
      eprint         = "1302.6508",
      archivePrefix  = "arXiv",
      primaryClass   = "hep-ex",
      reportNumber   = "FERMILAB-PUB-13-051-E",
      SLACcitation   = "%%CITATION = ARXIV:1302.6508;%%"
}
@article{Alioli:2010qp,
      author         = "Alioli, Simone and Nason, Paolo and Oleari, Carlo and Re,
                        Emanuele",
      title          = "{Vector boson plus one jet production in POWHEG}",
      journal        = "JHEP",
      volume         = "01",
      year           = "2011",
      pages          = "095",
      doi            = "10.1007/JHEP01(2011)095",
      eprint         = "1009.5594",
      archivePrefix  = "arXiv",
      primaryClass   = "hep-ph",
      reportNumber   = "DESY-10-158, SFB-CPP-10-85, IPPP-10-78, DCPT-10-156",
      SLACcitation   = "%%CITATION = ARXIV:1009.5594;%%"
}
@article{Chatrchyan:2011ne,
      author         = "Chatrchyan, Serguei and others",
      title          = "{Jet Production Rates in Association with $W$ and $Z$
                        Bosons in $pp$ Collisions at $\sqrt{s}=7$ TeV}",
      collaboration  = "CMS",
      journal        = "JHEP",
      volume         = "01",
      year           = "2012",
      pages          = "010",
      doi            = "10.1007/JHEP01(2012)010",
      eprint         = "1110.3226",
      archivePrefix  = "arXiv",
      primaryClass   = "hep-ex",
      reportNumber   = "CERN-PH-EP-2011-125, CMS-EWK-10-012",
      SLACcitation   = "%%CITATION = ARXIV:1110.3226;%%"
}
@article{Chatrchyan:2012gwa,
      author         = "Chatrchyan, Serguei and others",
      title          = "{Measurement of the inclusive production cross sections
                        for forward jets and for dijet events with one forward and
                        one central jet in $pp$ collisions at $\sqrt{s}=7$ TeV}",
      collaboration  = "CMS",
      journal        = "JHEP",
      volume         = "06",
      year           = "2012",
      pages          = "036",
      doi            = "10.1007/JHEP06(2012)036",
      eprint         = "1202.0704",
      archivePrefix  = "arXiv",
      primaryClass   = "hep-ex",
      reportNumber   = "CMS-FWD-11-002, CERN-PH-EP-2011-179",
      SLACcitation   = "%%CITATION = ARXIV:1202.0704;%%"
}
@article{Chatrchyan:2012pb,
      author         = "Chatrchyan, Serguei and others",
      title          = "{Ratios of dijet production cross sections as a function
                        of the absolute difference in rapidity between jets in
                        proton-proton collisions at $\sqrt{s}=7$ TeV}",
      collaboration  = "CMS",
      journal        = "Eur. Phys. J.",
      volume         = "C72",
      year           = "2012",
      pages          = "2216",
      doi            = "10.1140/epjc/s10052-012-2216-6",
      eprint         = "1204.0696",
      archivePrefix  = "arXiv",
      primaryClass   = "hep-ex",
      reportNumber   = "CMS-FWD-10-014, CERN-PH-EP-2012-088",
      SLACcitation   = "%%CITATION = ARXIV:1204.0696;%%"
}
@article{Chatrchyan:2013tna,
      author         = "Chatrchyan, Serguei and others",
      title          = "{Event shapes and azimuthal correlations in $Z$ + jets
                        events in $pp$ collisions at $\sqrt{s}=7$ TeV}",
      collaboration  = "CMS",
      journal        = "Phys. Lett.",
      volume         = "B722",
      year           = "2013",
      pages          = "238-261",
      doi            = "10.1016/j.physletb.2013.04.025",
      eprint         = "1301.1646",
      archivePrefix  = "arXiv",
      primaryClass   = "hep-ex",
      reportNumber   = "CMS-EWK-11-021, CERN-PH-EP-2013-001",
      SLACcitation   = "%%CITATION = ARXIV:1301.1646;%%"
}
@article{LHCbZ,
      author         = "Aaij, Roel and others",
      title          = "{Study of forward Z + jet production in pp collisions at
                        $\sqrt{s} = 7$ TeV}",
      collaboration  = "LHCb",
      journal        = "JHEP",
      volume         = "1401",
      pages          = "033",
      doi            = "10.1007/JHEP01(2014)033",
      year           = "2014",
      eprint         = "1310.8197",
      archivePrefix  = "arXiv",
      primaryClass   = "hep-ex",
      reportNumber   = "LHCB-PAPER-2013-058, CERN-PH-EP-2013-198",
      SLACcitation   = "%%CITATION = ARXIV:1310.8197;%%",
}
@article{Khachatryan:2014dea,
      author         = "Khachatryan, Vardan and others",
      title          = "{Measurement of electroweak production of two jets in
                        association with a Z boson in proton-proton collisions at
                        $\sqrt{s}=8\,\text {TeV}$}",
      collaboration  = "CMS",
      journal        = "Eur. Phys. J.",
      volume         = "C75",
      year           = "2015",
      number         = "2",
      pages          = "66",
      doi            = "10.1140/epjc/s10052-014-3232-5",
      eprint         = "1410.3153",
      archivePrefix  = "arXiv",
      primaryClass   = "hep-ex",
      reportNumber   = "CMS-FSQ-12-035, CERN-PH-EP-2014-234",
      SLACcitation   = "%%CITATION = ARXIV:1410.3153;%%"
}
@article{Khachatryan:2014zya,
      author         = "Khachatryan, Vardan and others",
      title          = "{Measurements of jet multiplicity and differential
                        production cross sections of $Z +$ jets events in
                        proton-proton collisions at $\sqrt{s} =$ 7 TeV}",
      collaboration  = "CMS",
      journal        = "Phys. Rev.",
      volume         = "D91",
      year           = "2015",
      number         = "5",
      pages          = "052008",
      doi            = "10.1103/PhysRevD.91.052008",
      eprint         = "1408.3104",
      archivePrefix  = "arXiv",
      primaryClass   = "hep-ex",
      reportNumber   = "CMS-SMP-12-017, CERN-PH-EP-2014-205",
      SLACcitation   = "%%CITATION = ARXIV:1408.3104;%%"
}
@Article{Kuraev:1976ge,
     author    = "Kuraev, E. A. and Lipatov, L. N. and Fadin, Victor S.",
     title     = "MULTI - {R}EGGEON PROCESSES IN THE {Y}ANG-{M}ILLS THEORY",
     journal   = "Sov. Phys. JETP",
     volume    = "44",
     year      = "1976",
     pages     = "443-450",
     SLACcitation  = "%%CITATION = SPHJA,44,443;%%"
}
@article{Malik:2013kba,
      author         = "Malik, Sarah Alam and Watt, Graeme",
      title          = "{Ratios of W and Z cross sections at large boson $p\_T$
                        as a constraint on PDFs and background to new physics}",
      journal        = "JHEP",
      volume         = "02",
      year           = "2014",
      pages          = "025",
      doi            = "10.1007/JHEP02(2014)025",
      eprint         = "1304.2424",
      archivePrefix  = "arXiv",
      primaryClass   = "hep-ph",
      reportNumber   = "ZU-TH-07-13, FERMILAB-PUB-13-106-PPD",
      SLACcitation   = "%%CITATION = ARXIV:1304.2424;%%"
}
@article{MG5,
      author         = "Alwall, Johan and Herquet, Michel and Maltoni, Fabio and
                        Mattelaer, Olivier and Stelzer, Tim",
      title          = "{MadGraph 5 : Going Beyond}",
      journal        = "JHEP",
      volume         = "1106",
      pages          = "128",
      doi            = "10.1007/JHEP06(2011)128",
      year           = "2011",
      eprint         = "1106.0522",
      archivePrefix  = "arXiv",
      primaryClass   = "hep-ph",
      reportNumber   = "FERMILAB-PUB-11-448-T",
      SLACcitation   = "%%CITATION = ARXIV:1106.0522;%%",
}

@article{Andersen:2011zd,
      author         = "Andersen, Jeppe R. and Lonnblad, Leif and Smillie,
                        Jennifer M.",
      title          = "{A Parton Shower for High Energy Jets}",
      journal        = "JHEP",
      volume         = "07",
      year           = "2011",
      pages          = "110",
      doi            = "10.1007/JHEP07(2011)110",
      eprint         = "1104.1316",
      archivePrefix  = "arXiv",
      primaryClass   = "hep-ph",
      reportNumber   = "CERN-PH-TH-2011-072, CP3-ORIGINS-2011-14,
                        EDINBURGH-2011-16, LU-TP-11-15, MCNET-11-12, LU-TP
                        --11-15",
      SLACcitation   = "%%CITATION = ARXIV:1104.1316;%%"
}
@article{Andersen:2009nu,
      author         = "Andersen, Jeppe R. and Smillie, Jennifer M.",
      title          = "{Constructing All-Order Corrections to Multi-Jet Rates}",
      journal        = "JHEP",
      volume         = "1001",
      pages          = "039",
      doi            = "10.1007/JHEP01(2010)039",
      year           = "2010",
      eprint         = "0908.2786",
      archivePrefix  = "arXiv",
      primaryClass   = "hep-ph",
      reportNumber   = "CERN-PH-TH-2009-153, DCPT-09-122, IPPP-09-61",
      SLACcitation   = "%%CITATION = ARXIV:0908.2786;%%",
}

@article{Andersen:2009he,
      author         = "Andersen, Jeppe R. and Smillie, Jennifer M.",
      title          = "{The Factorisation of the t-channel Pole in Quark-Gluon
                        Scattering}",
      journal        = "Phys.Rev.",
      volume         = "D81",
      pages          = "114021",
      doi            = "10.1103/PhysRevD.81.114021",
      year           = "2010",
      eprint         = "0910.5113",
      archivePrefix  = "arXiv",
      primaryClass   = "hep-ph",
      reportNumber   = "CERN-PH-TH-2009-202",
      SLACcitation   = "%%CITATION = ARXIV:0910.5113;%%",
}

@article{Andersen:2012gk,
      author         = "Andersen, Jeppe R. and Hapola, Tuomas and Smillie,
                        Jennifer M.",
      title          = "{W Plus Multiple Jets at the LHC with High Energy Jets}",
      journal        = "JHEP",
      volume         = "1209",
      pages          = "047",
      doi            = "10.1007/JHEP09(2012)047",
      year           = "2012",
      eprint         = "1206.6763",
      archivePrefix  = "arXiv",
      primaryClass   = "hep-ph",
      reportNumber   = "EDINBURGH-2012-13, IPPP-12-45, DCPT-12-90,
                        CP3-ORIGINS-2012-017, DIAS-2012-18",
      SLACcitation   = "%%CITATION = ARXIV:1206.6763;%%",
}

@article{Andersen:2011hs,
      author         = "Andersen, Jeppe R. and Smillie, Jennifer M.",
      title          = "{Multiple Jets at the LHC with High Energy Jets}",
      journal        = "JHEP",
      volume         = "1106",
      pages          = "010",
      doi            = "10.1007/JHEP06(2011)010",
      year           = "2011",
      eprint         = "1101.5394",
      archivePrefix  = "arXiv",
      primaryClass   = "hep-ph",
      reportNumber   = "CP3-ORIGINS-2011-02, EDINBURGH-2011-03",
      SLACcitation   = "%%CITATION = ARXIV:1101.5394;%%",
}

@article{Balitsky:1978ic,
      author         = "Balitsky, I.I. and Lipatov, L.N.",
      title          = "{The Pomeranchuk Singularity in Quantum Chromodynamics}",
      journal        = "Sov.J.Nucl.Phys.",
      volume         = "28",
      pages          = "822-829",
      year           = "1978",
      SLACcitation   = "%%CITATION = SJNCA,28,822;%%",
}

@article{Aad:2012tfa,
      author         = "Aad, Georges and others",
      title          = "{Observation of a new particle in the search for the
                        Standard Model Higgs boson with the ATLAS detector at the
                        LHC}",
      collaboration  = "ATLAS",
      journal        = "Phys.Lett.",
      volume         = "B716",
      pages          = "1-29",
      doi            = "10.1016/j.physletb.2012.08.020",
      year           = "2012",
      eprint         = "1207.7214",
      archivePrefix  = "arXiv",
      primaryClass   = "hep-ex",
      reportNumber   = "CERN-PH-EP-2012-218",
      SLACcitation   = "%%CITATION = ARXIV:1207.7214;%%",
}
@article{Berger:2009ep,
      author         = "Berger, C. F. and Bern, Z. and Dixon, Lance J. and Febres
                        Cordero, Fernando and Forde, D. and Gleisberg, T. and Ita,
                        H. and Kosower, D. A. and Maitre, D.",
      title          = "{Next-to-Leading Order QCD Predictions for W+3-Jet
                        Distributions at Hadron Colliders}",
      journal        = "Phys. Rev.",
      volume         = "D80",
      year           = "2009",
      pages          = "074036",
      doi            = "10.1103/PhysRevD.80.074036",
      eprint         = "0907.1984",
      archivePrefix  = "arXiv",
      primaryClass   = "hep-ph",
      reportNumber   = "SLAC-PUB-13680, UCLA-09-TEP-53, MIT-CTP-4047,
                        SACLAY-IPHT-T09-078, IPPP-09-46",
      SLACcitation   = "%%CITATION = ARXIV:0907.1984;%%"
}
@article{Berger:2010vm,
      author         = "Berger, C. F. and Bern, Z. and Dixon, Lance J. and Febres
                        Cordero, F. and Forde, D. and Gleisberg, T. and Ita, H.
                        and Kosower, D. A. and Maitre, D.",
      title          = "{Next-to-Leading Order {QCD} Predictions for $Z,
                        \gamma^*$ + 3-Jet Distributions at the Tevatron}",
      journal        = "Phys. Rev.",
      volume         = "D82",
      year           = "2010",
      pages          = "074002",
      doi            = "10.1103/PhysRevD.82.074002",
      eprint         = "1004.1659",
      archivePrefix  = "arXiv",
      primaryClass   = "hep-ph",
      reportNumber   = "SLAC-PUB-13954, UCLA-10-TEP-101, MIT-CTP-4117,
                        SB-F-379-10, IPPP-10-13, SACLAY-IPHT-T10-040,
                        NIKHEF-2010-004, CERN-PH-TH-2010-029",
      SLACcitation   = "%%CITATION = ARXIV:1004.1659;%%"
}
@article{Berger:2010zx,
      author         = "Berger, C. F. and Bern, Z. and Dixon, Lance J. and Febres
                        Cordero, F. and Forde, D. and Gleisberg, T. and Ita, H.
                        and Kosower, D. A. and Maitre, D.",
      title          = "{Precise Predictions for W + 4 Jet Production at the
                        Large Hadron Collider}",
      journal        = "Phys. Rev. Lett.",
      volume         = "106",
      year           = "2011",
      pages          = "092001",
      doi            = "10.1103/PhysRevLett.106.092001",
      eprint         = "1009.2338",
      archivePrefix  = "arXiv",
      primaryClass   = "hep-ph",
      reportNumber   = "SLAC-PUB-14222, SB-F-385-10, UCLA-10-TEP-106,
                        MIT-CTP-4169, IPPP-10-68, SACLAY-IPHT-T10-111,
                        NIKHEF-2010-022, CERN-TH-2010-184",
      SLACcitation   = "%%CITATION = ARXIV:1009.2338;%%"
}
@article{Haisch:2013fla,
      author         = "Haisch, Ulrich and Hibbs, Anthony and Re, Emanuele",
      title          = "{Determining the structure of dark-matter couplings at
                        the LHC}",
      journal        = "Phys.Rev.",
      number         = "3",
      volume         = "D89",
      pages          = "034009",
      doi            = "10.1103/PhysRevD.89.034009",
      year           = "2014",
      eprint         = "1311.7131",
      archivePrefix  = "arXiv",
      primaryClass   = "hep-ph",
      reportNumber   = "OUTP-13-23P",
      SLACcitation   = "%%CITATION = ARXIV:1311.7131;%%",
}

@article{Andersen:2008gc,
      author         = "Andersen, Jeppe R. and Del Duca, Vittorio and White,
                        Chris D.",
      title          = "{Higgs Boson Production in Association with Multiple Hard
                        Jets}",
      journal        = "JHEP",
      volume         = "0902",
      pages          = "015",
      doi            = "10.1088/1126-6708/2009/02/015",
      year           = "2009",
      eprint         = "0808.3696",
      archivePrefix  = "arXiv",
      primaryClass   = "hep-ph",
      reportNumber   = "CERN-PH-TH-2008-178, NIKHEF-2008-010",
      SLACcitation   = "%%CITATION = ARXIV:0808.3696;%%",
}
@article{Andersen:2008ue,
      author         = "Andersen, Jeppe R. and White, Chris D.",
      title          = "{A New Framework for Multijet Predictions and its
                        application to Higgs Boson production at the LHC}",
      journal        = "Phys. Rev.",
      volume         = "D78",
      year           = "2008",
      pages          = "051501",
      doi            = "10.1103/PhysRevD.78.051501",
      eprint         = "0802.2858",
      archivePrefix  = "arXiv",
      primaryClass   = "hep-ph",
      reportNumber   = "CERN-PH-TH-2008-036, NIKHEF-2008-002",
      SLACcitation   = "%%CITATION = ARXIV:0802.2858;%%"
}
@article{HEJ_factorising,
      author         = "Andersen, Jeppe R. and Smillie, Jennifer M.",
      title          = "{The Factorisation of the t-channel Pole in Quark-Gluon
                        Scattering}",
      journal        = "Phys.Rev.",
      volume         = "D81",
      pages          = "114021",
      doi            = "10.1103/PhysRevD.81.114021",
      year           = "2010",
      eprint         = "0910.5113",
      archivePrefix  = "arXiv",
      primaryClass   = "hep-ph",
      reportNumber   = "CERN-PH-TH-2009-202",
      SLACcitation   = "%%CITATION = ARXIV:0910.5113;%%",
}

@article{Alwall:2014hca,
      author         = "Alwall, J. and Frederix, R. and Frixione, S. and Hirschi,
                        V. and Maltoni, F. and Mattelaer, O. and Shao, H. -S. and
                        Stelzer, T. and Torrielli, P. and Zaro, M.",
      title          = "{The automated computation of tree-level and
                        next-to-leading order differential cross sections, and
                        their matching to parton shower simulations}",
      journal        = "JHEP",
      volume         = "07",
      year           = "2014",
      pages          = "079",
      doi            = "10.1007/JHEP07(2014)079",
      eprint         = "1405.0301",
      archivePrefix  = "arXiv",
      primaryClass   = "hep-ph",
      reportNumber   = "CERN-PH-TH-2014-064, CP3-14-18, LPN14-066, MCNET-14-09,
                        ZU-TH-14-14",
      SLACcitation   = "%%CITATION = ARXIV:1405.0301;%%"
}
@article{Cacciari:2008gp,
      author         = "Cacciari, Matteo and Salam, Gavin P. and Soyez, Gregory",
      title          = "{The Anti-k(t) jet clustering algorithm}",
      journal        = "JHEP",
      volume         = "0804",
      pages          = "063",
      doi            = "10.1088/1126-6708/2008/04/063",
      year           = "2008",
      eprint         = "0802.1189",
      archivePrefix  = "arXiv",
      primaryClass   = "hep-ph",
      reportNumber   = "LPTHE-07-03",
      SLACcitation   = "%%CITATION = ARXIV:0802.1189;%%",
}
@article{Cacciari:2011ma,
      author         = "Cacciari, Matteo and Salam, Gavin P. and Soyez, Gregory",
      title          = "{FastJet User Manual}",
      journal        = "Eur. Phys. J.",
      volume         = "C72",
      year           = "2012",
      pages          = "1896",
      doi            = "10.1140/epjc/s10052-012-1896-2",
      eprint         = "1111.6097",
      archivePrefix  = "arXiv",
      primaryClass   = "hep-ph",
      reportNumber   = "CERN-PH-TH-2011-297",
      SLACcitation   = "%%CITATION = ARXIV:1111.6097;%%"
}
@article{DelDuca:1995zy,
      author         = "Del Duca, Vittorio",
      title          = "{Equivalence of the Parke-Taylor and the
                        Fadin-Kuraev-Lipatov amplitudes in the high-energy limit}",
      journal        = "Phys. Rev.",
      volume         = "D52",
      year           = "1995",
      pages          = "1527-1534",
      doi            = "10.1103/PhysRevD.52.1527",
      eprint         = "hep-ph/9503340",
      archivePrefix  = "arXiv",
      primaryClass   = "hep-ph",
      reportNumber   = "DESY-95-040",
      SLACcitation   = "%%CITATION = HEP-PH/9503340;%%"
}
@article{Frederix:2012ps,
      author         = "Frederix, Rikkert and Frixione, Stefano",
      title          = "{Merging meets matching in MC@NLO}",
      journal        = "JHEP",
      volume         = "12",
      year           = "2012",
      pages          = "061",
      doi            = "10.1007/JHEP12(2012)061",
      eprint         = "1209.6215",
      archivePrefix  = "arXiv",
      primaryClass   = "hep-ph",
      reportNumber   = "CERN-PH-TH-2012-247, ZU-TH-21-12",
      SLACcitation   = "%%CITATION = ARXIV:1209.6215;%%"
}
@article{Frederix:2015eii,
      author         = "Frederix, Rikkert and Frixione, Stefano and
                        Papaefstathiou, Andreas and Prestel, Stefan and Torrielli,
                        Paolo",
      title          = "{A study of multi-jet production in association with an
                        electroweak vector boson}",
      year           = "2015",
      eprint         = "1511.00847",
      archivePrefix  = "arXiv",
      primaryClass   = "hep-ph",
      reportNumber   = "CERN-PH-TH-2015-255, SLAC-PUB-16421, TUM-HEP-1025-15,
                        MCNET-15-22",
      SLACcitation   = "%%CITATION = ARXIV:1511.00847;%%"
}
@article{Gleisberg:2008ta,
      author         = "Gleisberg, T. and Hoeche, S. and Krauss, F. and
                        Schonherr, M. and Schumann, S. and Siegert, F. and Winter,
                        J.",
      title          = "{Event generation with SHERPA 1.1}",
      journal        = "JHEP",
      volume         = "02",
      year           = "2009",
      pages          = "007",
      doi            = "10.1088/1126-6708/2009/02/007",
      eprint         = "0811.4622",
      archivePrefix  = "arXiv",
      primaryClass   = "hep-ph",
      reportNumber   = "FERMILAB-PUB-08-477-T, SLAC-PUB-13420, ZU-TH-17-08,
                        DCPT-08-138, IPPP-08-69, EDINBURGH-2008-30, MCNET-08-14",
      SLACcitation   = "%%CITATION = ARXIV:0811.4622;%%"
}
@article{Hoeche:2012yf,
      author         = "Hoeche, Stefan and Krauss, Frank and Schonherr, Marek and
                        Siegert, Frank",
      title          = "{QCD matrix elements + parton showers: The NLO case}",
      journal        = "JHEP",
      volume         = "04",
      year           = "2013",
      pages          = "027",
      doi            = "10.1007/JHEP04(2013)027",
      eprint         = "1207.5030",
      archivePrefix  = "arXiv",
      primaryClass   = "hep-ph",
      reportNumber   = "SLAC-PUB-15191, IPPP-12-52, DCPT-12-104, LPN12-081,
                        FR-PHENO-2012-017, MCNET-12-09, --FR-PHENO-2012-017",
      SLACcitation   = "%%CITATION = ARXIV:1207.5030;%%"
}
@article{Ita:2011wn,
      author         = "Ita, H. and Bern, Z. and Dixon, L. J. and Febres Cordero,
                        Fernando and Kosower, D. A. and Maitre, D.",
      title          = "{Precise Predictions for Z + 4 Jets at Hadron Colliders}",
      journal        = "Phys. Rev.",
      volume         = "D85",
      year           = "2012",
      pages          = "031501",
      doi            = "10.1103/PhysRevD.85.031501",
      eprint         = "1108.2229",
      archivePrefix  = "arXiv",
      primaryClass   = "hep-ph",
      reportNumber   = "SLAC-PUB-14527, SB-F-390-11, UCLA-11-TEP-109,
                        NSF-KITP-11-167, IPPP-11-45, CERN-PH-TH-2011-188,
                        SLAC--PUB--14527, --IPPP-11-45, CERN--PH--TH-2011-188",
      SLACcitation   = "%%CITATION = ARXIV:1108.2229;%%"
}
@article{Alioli:2010xd,
      author         = "Alioli, Simone and Nason, Paolo and Oleari, Carlo and Re,
                        Emanuele",
      title          = "{A general framework for implementing NLO calculations in
                        shower Monte Carlo programs: the POWHEG BOX}",
      journal        = "JHEP",
      volume         = "06",
      year           = "2010",
      pages          = "043",
      doi            = "10.1007/JHEP06(2010)043",
      eprint         = "1002.2581",
      archivePrefix  = "arXiv",
      primaryClass   = "hep-ph",
      reportNumber   = "DESY-10-018, SFB-CPP-10-22, IPPP-10-11, DCPT-10-22",
      SLACcitation   = "%%CITATION = ARXIV:1002.2581;%%"
}
@article{Campbell:2013vha,
      author         = "Campbell, John M. and Ellis, R. Keith and Nason, Paolo
                        and Zanderighi, Giulia",
      title          = "{W and Z bosons in association with two jets using the
                        POWHEG method}",
      journal        = "JHEP",
      volume         = "08",
      year           = "2013",
      pages          = "005",
      doi            = "10.1007/JHEP08(2013)005",
      eprint         = "1303.5447",
      archivePrefix  = "arXiv",
      primaryClass   = "hep-ph",
      reportNumber   = "FERMILAB-PUB-13-075-T",
      SLACcitation   = "%%CITATION = ARXIV:1303.5447;%%"
}
@article{Frixione:2002ik,
      author         = "Frixione, Stefano and Webber, Bryan R.",
      title          = "{Matching NLO QCD computations and parton shower
                        simulations}",
      journal        = "JHEP",
      volume         = "06",
      year           = "2002",
      pages          = "029",
      doi            = "10.1088/1126-6708/2002/06/029",
      eprint         = "hep-ph/0204244",
      archivePrefix  = "arXiv",
      primaryClass   = "hep-ph",
      reportNumber   = "CAVENDISH-HEP-02-01, LAPTH-905-02, GEF-TH-2-2002",
      SLACcitation   = "%%CITATION = HEP-PH/0204244;%%"
}
@article{Frixione:2007vw,
      author         = "Frixione, Stefano and Nason, Paolo and Oleari, Carlo",
      title          = "{Matching NLO QCD computations with Parton Shower
                        simulations: the POWHEG method}",
      journal        = "JHEP",
      volume         = "11",
      year           = "2007",
      pages          = "070",
      doi            = "10.1088/1126-6708/2007/11/070",
      eprint         = "0709.2092",
      archivePrefix  = "arXiv",
      primaryClass   = "hep-ph",
      reportNumber   = "BICOCCA-FT-07-9, GEF-TH-21-2007",
      SLACcitation   = "%%CITATION = ARXIV:0709.2092;%%"
}
@article{Frixione:2010wd,
      author         = "Frixione, Stefano and Stoeckli, Fabian and Torrielli,
                        Paolo and Webber, Bryan R. and White, Chris D.",
      title          = "{The MCaNLO 4.0 Event Generator}",
      year           = "2010",
      eprint         = "1010.0819",
      archivePrefix  = "arXiv",
      primaryClass   = "hep-ph",
      reportNumber   = "CAVENDISH-HEP-10-12, CERN-TH-2010-216, IPPP-10-62,
                        DCPT-10-124",
      SLACcitation   = "%%CITATION = ARXIV:1010.0819;%%"
}
@article{Mangano:2002ea,
      author         = "Mangano, Michelangelo L. and Moretti, Mauro and
                        Piccinini, Fulvio and Pittau, Roberto and Polosa, Antonio
                        D.",
      title          = "{ALPGEN, a generator for hard multiparton processes in
                        hadronic collisions}",
      journal        = "JHEP",
      volume         = "07",
      year           = "2003",
      pages          = "001",
      doi            = "10.1088/1126-6708/2003/07/001",
      eprint         = "hep-ph/0206293",
      archivePrefix  = "arXiv",
      primaryClass   = "hep-ph",
      reportNumber   = "CERN-TH-2002-129, FTN-T-2002-06",
      SLACcitation   = "%%CITATION = HEP-PH/0206293;%%"
}
@article{Nason:2004rx,
      author         = "Nason, Paolo",
      title          = "{A New method for combining NLO QCD with shower Monte
                        Carlo algorithms}",
      journal        = "JHEP",
      volume         = "11",
      year           = "2004",
      pages          = "040",
      doi            = "10.1088/1126-6708/2004/11/040",
      eprint         = "hep-ph/0409146",
      archivePrefix  = "arXiv",
      primaryClass   = "hep-ph",
      reportNumber   = "BICOCCA-FT-04-11",
      SLACcitation   = "%%CITATION = HEP-PH/0409146;%%"
}
@article{Re:2012zi,
      author         = "Re, Emanuele",
      title          = "{NLO corrections merged with parton showers for Z+2 jets
                        production using the POWHEG method}",
      journal        = "JHEP",
      volume         = "10",
      year           = "2012",
      pages          = "031",
      doi            = "10.1007/JHEP10(2012)031",
      eprint         = "1204.5433",
      archivePrefix  = "arXiv",
      primaryClass   = "hep-ph",
      reportNumber   = "IPPP-12-13, DCPT-12-26, MCNET-12-03",
      SLACcitation   = "%%CITATION = ARXIV:1204.5433;%%"
}
@article{Jung:2000hk,
      author         = "Jung, H. and Salam, G. P.",
      title          = "{Hadronic final state predictions from CCFM: The Hadron
                        level Monte Carlo generator CASCADE}",
      journal        = "Eur. Phys. J.",
      volume         = "C19",
      year           = "2001",
      pages          = "351-360",
      doi            = "10.1007/s100520100604",
      eprint         = "hep-ph/0012143",
      archivePrefix  = "arXiv",
      primaryClass   = "hep-ph",
      reportNumber   = "CERN-TH-2000-318, DESY-00-151, LUNFD6-NFFL-7189-2000,
                        LPTHE-00-43",
      SLACcitation   = "%%CITATION = HEP-PH/0012143;%%"
}
@article{Jung:2010si,
      author         = "Jung, H. and others",
      title          = "{The CCFM Monte Carlo generator CASCADE version 2.2.03}",
      journal        = "Eur. Phys. J.",
      volume         = "C70",
      year           = "2010",
      pages          = "1237-1249",
      doi            = "10.1140/epjc/s10052-010-1507-z",
      eprint         = "1008.0152",
      archivePrefix  = "arXiv",
      primaryClass   = "hep-ph",
      reportNumber   = "DESY-10-107",
      SLACcitation   = "%%CITATION = ARXIV:1008.0152;%%"
}
@article{Caporale:2012ih,
      author         = "Caporale, Francesco and Ivanov, Dmitry {\relax Yu}. and
                        Murdaca, Beatrice and Papa, Alessandro",
      title          = "{Mueller-Navelet small-cone jets at LHC in
                        next-to-leading BFKL}",
      journal        = "Nucl. Phys.",
      volume         = "B877",
      year           = "2013",
      pages          = "73-94",
      doi            = "10.1016/j.nuclphysb.2013.09.013",
      eprint         = "1211.7225",
      archivePrefix  = "arXiv",
      primaryClass   = "hep-ph",
      SLACcitation   = "%%CITATION = ARXIV:1211.7225;%%"
}
@article{Ducloue:2012bm,
      author         = "Ducloue, B. and Szymanowski, L. and Wallon, S.",
      title          = "{Mueller-Navelet jets at LHC: the first complete NLL BFKL
                        study}",
      booktitle      = "{Proceedings, 6th International Conference on Quarks and
                        Nuclear Physics (QNP 2012)}",
      journal        = "PoS",
      volume         = "QNP2012",
      year           = "2012",
      pages          = "165",
      eprint         = "1208.6111",
      archivePrefix  = "arXiv",
      primaryClass   = "hep-ph",
      reportNumber   = "LPT-ORSAY-12-93",
      SLACcitation   = "%%CITATION = ARXIV:1208.6111;%%"

}
@article{Colferai:2010wu,
      author         = "Colferai, D. and Schwennsen, F. and Szymanowski, L. and
                        Wallon, S.",
      title          = "{Mueller Navelet jets at LHC - complete NLL BFKL
                        calculation}",
      journal        = "JHEP",
      volume         = "12",
      year           = "2010",
      pages          = "026",
      doi            = "10.1007/JHEP12(2010)026",
      eprint         = "1002.1365",
      archivePrefix  = "arXiv",
      primaryClass   = "hep-ph",
      reportNumber   = "CPHT-RR139.1209, LPT-ORSAY-09-111, DFF-452-10-2009,
                        DESY-10-031",
      SLACcitation   = "%%CITATION = ARXIV:1002.1365;%%"
}
@article{Lonnblad:1992tz,
      author         = "Lonnblad, Leif",
      title          = "{ARIADNE version 4: A Program for simulation of QCD
                        cascades implementing the color dipole model}",
      journal        = "Comput. Phys. Commun.",
      volume         = "71",
      year           = "1992",
      pages          = "15-31",
      doi            = "10.1016/0010-4655(92)90068-A",
      reportNumber   = "DESY-92-046",
      SLACcitation   = "%%CITATION = CPHCB,71,15;%%"
}
@article{Lavesson:2005xu,
      author         = "Lavesson, Nils and Lonnblad, Leif",
      title          = "{W+jets matrix elements and the dipole cascade}",
      journal        = "JHEP",
      volume         = "07",
      year           = "2005",
      pages          = "054",
      doi            = "10.1088/1126-6708/2005/07/054",
      eprint         = "hep-ph/0503293",
      archivePrefix  = "arXiv",
      primaryClass   = "hep-ph",
      reportNumber   = "LU-TP-05-11",
      SLACcitation   = "%%CITATION = HEP-PH/0503293;%%"
}

@article{Beringer:1900zz,
      author         = "Beringer, J. and others",
      title          = "{Review of Particle Physics (RPP)}",
      collaboration  = "Particle Data Group",
      journal        = "Phys. Rev.",
      volume         = "D86",
      year           = "2012",
      pages          = "010001",
      doi            = "10.1103/PhysRevD.86.010001",
      reportNumber   = "SLAC-REPRINT-2014-001",
      SLACcitation   = "%%CITATION = PHRVA,D86,010001;%%"
}
@article{Chatrchyan:2013txa,
      author         = "Chatrchyan, Serguei and others",
      title          = "{Measurement of the ratio of the inclusive 3-jet cross
                        section to the inclusive 2-jet cross section in pp
                        collisions at $\sqrt{s}$ = 7 TeV and first determination
                        of the strong coupling constant in the TeV range}",
      collaboration  = "CMS",
      journal        = "Eur. Phys. J.",
      volume         = "C73",
      year           = "2013",
      number         = "10",
      pages          = "2604",
      doi            = "10.1140/epjc/s10052-013-2604-6",
      eprint         = "1304.7498",
      archivePrefix  = "arXiv",
      primaryClass   = "hep-ex",
      reportNumber   = "CMS-QCD-11-003, CERN-PH-EP-2013-057",
      SLACcitation   = "%%CITATION = ARXIV:1304.7498;%%"
}
@article{Sjostrand:2007gs,
      author         = "Sjostrand, Torbjorn and Mrenna, Stephen and Skands, Peter
                        Z.",
      title          = "{A Brief Introduction to PYTHIA 8.1}",
      journal        = "Comput. Phys. Commun.",
      volume         = "178",
      year           = "2008",
      pages          = "852-867",
      doi            = "10.1016/j.cpc.2008.01.036",
      eprint         = "0710.3820",
      archivePrefix  = "arXiv",
      primaryClass   = "hep-ph",
      reportNumber   = "CERN-LCGAPP-2007-04, LU-TP-07-28,
                        FERMILAB-PUB-07-512-CD-T",
      SLACcitation   = "%%CITATION = ARXIV:0710.3820;%%"
}
@article{Corcella:2000bw,
      author         = "Corcella, G. and Knowles, I. G. and Marchesini, G. and
                        Moretti, S. and Odagiri, K. and Richardson, P. and
                        Seymour, M. H. and Webber, B. R.",
      title          = "{HERWIG 6: An Event generator for hadron emission
                        reactions with interfering gluons (including
                        supersymmetric processes)}",
      journal        = "JHEP",
      volume         = "01",
      year           = "2001",
      pages          = "010",
      doi            = "10.1088/1126-6708/2001/01/010",
      eprint         = "hep-ph/0011363",
      archivePrefix  = "arXiv",
      primaryClass   = "hep-ph",
      reportNumber   = "CAVENDISH-HEP-99-03, CERN-TH-2000-284, RAL-TR-2000-048",
      SLACcitation   = "%%CITATION = HEP-PH/0011363;%%"
}
@article{Hoche:2014kca,
      author         = "Höche, Stefan and Kuttimalai, Silvan and Schumann,
                        Steffen and Siegert, Frank",
      title          = "{Beyond Standard Model calculations with Sherpa}",
      journal        = "Eur. Phys. J.",
      volume         = "C75",
      year           = "2015",
      number         = "3",
      pages          = "135",
      doi            = "10.1140/epjc/s10052-015-3338-4",
      eprint         = "1412.6478",
      archivePrefix  = "arXiv",
      primaryClass   = "hep-ph",
      reportNumber   = "SLAC-PUB-16170, IPPP-14-105, DCPT-14-210, MCNET-14-35",
      SLACcitation   = "%%CITATION = ARXIV:1412.6478;%%"
}
@inproceedings{Andersson:2002ap,
      author         = "Andersson, Bo and Mohanty, Sandipan and Soderberg,
                        Fredrik",
      title          = "{Recent developments in the Lund model}",
      booktitle      = "{36th Annual Winter School on Nuclear and Particle
                        Physics (PINP 2002) and 8th St. Petersburg School on
                        Theoretical Physics St. Petersburg, Russia, February
                        25-March 3, 2002}",
      year           = "2002",
      eprint         = "hep-ph/0212122",
      archivePrefix  = "arXiv",
      primaryClass   = "hep-ph",
      reportNumber   = "LU-TP-02-45",
      SLACcitation   = "%%CITATION = HEP-PH/0212122;%%"
}
@article{Sjostrand:2000wi,
      author         = "Sjostrand, Torbjorn and Eden, Patrik and Friberg,
                        Christer and Lonnblad, Leif and Miu, Gabriela and Mrenna,
                        Stephen and Norrbin, Emanuel",
      title          = "{High-energy physics event generation with PYTHIA 6.1}",
      journal        = "Comput. Phys. Commun.",
      volume         = "135",
      year           = "2001",
      pages          = "238-259",
      doi            = "10.1016/S0010-4655(00)00236-8",
      eprint         = "hep-ph/0010017",
      archivePrefix  = "arXiv",
      primaryClass   = "hep-ph",
      reportNumber   = "LU-TP-00-30",
      SLACcitation   = "%%CITATION = HEP-PH/0010017;%%"
}
@article{Salam:2007xv,
      author         = "Salam, Gavin P. and Soyez, Gregory",
      title          = "{A Practical Seedless Infrared-Safe Cone jet algorithm}",
      journal        = "JHEP",
      volume         = "05",
      year           = "2007",
      pages          = "086",
      doi            = "10.1088/1126-6708/2007/05/086",
      eprint         = "0704.0292",
      archivePrefix  = "arXiv",
      primaryClass   = "hep-ph",
      SLACcitation   = "%%CITATION = ARXIV:0704.0292;%%"
}